/Users/brianlibgober/Documents/Digit Stats.bib